<?xml version="1.0" encoding="UTF-8"?><collection xmlns="http://www.loc.gov/MARC21/slim"><record><leader>00383nam--2200121-i-4500</leader><controlfield tag="001">000034229</controlfield><controlfield tag="002">20161230</controlfield><controlfield tag="005">20161230201039</controlfield><controlfield tag="008">060222s1000------------r-----000-0-eng-d</controlfield><datafield ind1=" " ind2=" " tag="100"><subfield code="a">Mulliken, S.P. And Huntress, E.H</subfield></datafield><datafield ind1=" " ind2=" " tag="245"><subfield code="a">Identification of pure organic compounds. tabbles of data on selected compounds of order i</subfield></datafield><datafield ind1=" " ind2=" " tag="260"><subfield code="a">New York, John Wiley, 1957, Xvii + 691p</subfield></datafield><datafield ind1=" " ind2=" " tag="852"><subfield code="a">13713</subfield></datafield></record></collection>